<?xml version="1.0" encoding="UTF-8"?><record xmlns="http://www.loc.gov/MARC21/slim" xmlns:cinclude="http://apache.org/cocoon/include/1.0" xmlns:zs="http://www.loc.gov/zing/srw/">
  <leader>00369cz  a2200133n  4500</leader>
  <controlfield tag="001">n  81049254 </controlfield>
  <controlfield tag="003">DLC</controlfield>
  <controlfield tag="005">20090131080056.0</controlfield>
  <controlfield tag="008">810521n| acannaabn          |n aaa      </controlfield>
  <datafield tag="010" ind1=" " ind2=" ">
    <subfield code="a">n  81049254 </subfield>
  </datafield>
  <datafield tag="035" ind1=" " ind2=" ">
    <subfield code="a">(OCoLC)oca00594789</subfield>
  </datafield>
  <datafield tag="040" ind1=" " ind2=" ">
    <subfield code="a">DLC</subfield>
    <subfield code="b">eng</subfield>
    <subfield code="c">DLC</subfield>
    <subfield code="d">OCoLC</subfield>
  </datafield>
  <datafield tag="100" ind1="1" ind2=" ">
    <subfield code="a">Daquin, Thomas</subfield>
  </datafield>
  <datafield tag="670" ind1=" " ind2=" ">
    <subfield code="a">Dolent, J. La se휍혖curite휍혖 militaire, 1981 (a.e.)</subfield>
    <subfield code="b">t.p. (Thomas Daquin)</subfield>
  </datafield>
</record>